@book{cours,
    title = {Protocoles et Réseaux},
    author = {Marc Schaefer},
    isbn = {978-2-940387-09-0},
    year = {2017},
    keywords = {network}
}

@book{doc-labo,
	title = {Laboratoire Réseaux et Applications 2018},
	author = {Marc Schaefer},
	year = {2018},
	keywords = {network}
}
